@book{tilkov_rest_2015,
	title = {{REST} und {HTTP}: {Entwicklung} und {Integration} nach dem {Architekturstil} des {Web}},
	shorttitle = {{REST} und {HTTP}},
	language = {de},
	publisher = {Dpunkt.Verlag GmbH},
	author = {Tilkov, Stefan},
	month = apr,
	year = {2015}
}

@book{wolff_microservices:_2015,
	title = {Microservices: {Grundlagen} flexibler {Softwarearchitekturen}},
	shorttitle = {Microservices},
	language = {de},
	publisher = {Dpunkt.Verlag GmbH},
	author = {Wolff, Eberhard},
	month = oct,
	year = {2015}
}

@book{newman_microservices:_2015,
	title = {Microservices: {Konzeption} und {Design}},
	shorttitle = {Microservices},
	language = {de},
	publisher = {MITP-Verlags GmbH \& Co. KG},
	author = {Newman, Sam},
	month = jul,
	year = {2015}
}

@misc{kalenkovich_can_2014,
	title = {Can {I} {Haz} {Name}?},
	url = {http://203.softover.com/2014/12/01/ultra-srevices-and-declaration-of-independence/},
	abstract = {All this hype about microservices makes me sad. And not about the concept, but about the name. As I wrote before, “micro” in “microservices” means absolutely nothing. What is worse, it confuses everybody. Again and again I see people focusing on “micro” and falling into nanoservices trap.},
	note = {(Stand 4.5.2016)},
	author = {Kalenkovich, Eugene},
	month = dec,
	year = {2014},
	file = {Can I Haz Name? - 203:/home/vera.peuntinger/.mozilla/firefox/pkq0jeng.default/zotero/storage/587QBKS7/ultra-srevices-and-declaration-of-independence.html:text/html}
}

@misc{white_microservices_2015,
	title = {Microservices in {Production}: {What} {Ops} {Should} {Know} {About} {Reactive} {Systems} - @lightbend},
	shorttitle = {Microservices in {Production}},
	url = {https://www.lightbend.com/blog/microservices-in-production-what-ops-should-know-about-reactive-systems},
	abstract = {Whether you call them microservices (the industry favorite), picoservices, uniservices, decoupled services, or even \&ldquo;SOA done right\&rdquo;, one thing is clear: enterprise deployment of microservices-based applications is no longer a fringe concept enjoyed only by a handful of early adopters.\&nbsp;},
	note = {(Stand 4.5.2016)},
	journal = {Lightbend},
	author = {White, Oliver},
	month = nov,
	year = {2015},
	file = {Snapshot:/home/vera.peuntinger/.mozilla/firefox/pkq0jeng.default/zotero/storage/TGNTKHSH/microservices-in-production-what-ops-should-know-about-reactive-systems.html:text/html}
}